<record><leader>00000cas a22000007a 4500</leader><controlfield tag="001">13201542</controlfield><controlfield tag="008">860226d19091949wvuwr ne      0    0eng d</controlfield><datafield ind1=" " ind2=" " tag="010"><subfield code="a">sn 86092295 </subfield></datafield><datafield ind1=" " ind2=" " tag="040"><subfield code="a">WVC</subfield><subfield code="b">eng</subfield><subfield code="c">WVC</subfield><subfield code="d">OCL</subfield><subfield code="d">OCLCQ</subfield></datafield><datafield ind1=" " ind2=" " tag="042"><subfield code="a">msc</subfield></datafield><datafield ind1="0" ind2="4" tag="245"><subfield code="a">The Reedy news.</subfield></datafield><datafield ind1=" " ind2=" " tag="260"><subfield code="a">Reedy, W. Va. :</subfield><subfield code="b">F.E. Craig</subfield></datafield><datafield ind1=" " ind2=" " tag="300"><subfield code="a">v.</subfield></datafield><datafield ind1=" " ind2=" " tag="310"><subfield code="a">Weekly</subfield></datafield><datafield ind1="1" ind2=" " tag="362"><subfield code="a">Began in 1909; ceased in 1949?</subfield><subfield code="z">Cf. Bishop. Hist. of Roane Co.</subfield></datafield><datafield ind1=" " ind2=" " tag="580"><subfield code="a">Preceded by: Pointer (non-extant).</subfield></datafield><datafield ind1=" " ind2=" " tag="588"><subfield code="a">Description based on: Vol. 4, no. 31 (Apr. 4, 1913).</subfield></datafield><datafield ind1=" " ind2=" " tag="752"><subfield code="a">United States</subfield><subfield code="b">West Virginia</subfield><subfield code="c">Roane</subfield><subfield code="d">Reedy.</subfield></datafield><datafield ind1="1" ind2="0" tag="780"><subfield code="t">Pointer</subfield></datafield></record>